@STRING{ICASSP  = "Proc. {IEEE} International Conference on Acoustics, Speech and Signal Processing (ICASSP)"}
@STRING{CAMSAP  = "Proc. {IEEE} International Workshop on Computational Advances in Multi-Sensor Adaptive Processing (CAMSAP)"}
@STRING{WASPAA  = "Proc. {IEEE} Workshop on Applications of Signal Processing to Audio and Acoustics (WASPAA)"}
@STRING{LVAICA  = "Proc. Latent Variable Analysis and Signal Separation (LVA/ICA)"}
@STRING{IWAENC  = "Proc. {IEEE} International Workshop on Acoustic Signal Enhancement (IWAENC)"}
@STRING{EUSIPCO = "Proc. European Signal Processing Conference (EUSIPCO)"}
@STRING{APSIPA  = "Proc. Asia-Pacific Signal and Information Processing Association Annual Summit and Conference (APSIPA ASC)"}
