@inproceedings{Nakashima:2020:ASJ:S,
	author               = {{中嶋 大志} and {シャイブラー ロビン} and {若林 佑幸} and {小野 順貴}},
	title                = {分離ベクトル同時更新による独立低ランク行列分析の収束性と性能向上の検討},
	pages                = {309--312},
	booktitle            = {音響学会春季研究発表会 講演論文集},
	year                 = {2020},
	month                = mar,
}

@inproceedings{Nakashima:2020:EUSIPCO,
	author               = {Nakashima, Taishi and Scheibler, Robin and Wakabayashi, Yukoh and Ono, Nobutaka},
	title                = {Faster Independent Low-rank Matrix Analysis with Pairwise Updates of Demixing Vectors},
	pages                = {301--305},
	booktitle            = EUSIPCO,
	year                 = {2021},
	month                = jan,
}
