@ieeetranbstctl{IEEE:BSTcontrol,
	ctlalt_stretch_factor = "4",
	ctldash_repeated_names = "no",
	ctlmax_names_forced_etal = "10",
	ctlname_format_string = "{f.~}{vv~}{ll}{, jj}",
	ctlname_latex_cmd    = "",
	ctlname_url_prefix   = "",
	ctlnames_show_etal   = "1",
	ctluse_alt_spacing   = "yes",
	ctluse_article_number = "yes",
	ctluse_forced_etal   = "no",
	ctluse_paper         = "yes",
	ctluse_url           = "no",
}

@book{Okumura:2020:LaTeX,
	title                = {［改訂第8版］\LaTeX2e{}美文書作成入門},
	author               = {{奥村  晴彦} and {黒木  裕介}},
	publisher            = {技術評論社},
	year                 = {2020},
}

@misc{TeXWiki,
   title                = {{\TeX} Wiki -- {\TeX} Live},
   howpublished         = {\url{https://texwiki.texjp.org/?TeX%20Live}},
}

@article{Togami:2013:ASLP,
	author               = {M. Togami and Y. Kawaguchi and R. Takeda and Y. Obuchi and N. Nukaga},
	title                = {Optimized Speech Dereverberation From Probabilistic Perspective for Time Varying Acoustic Transfer Function},
	journal              = IEEE_J_ASLP,
	volume               = {21},
	pages                = {1369--1380},
	issn                 = {1558-7916},
	number               = {7},
	year                 = {2013},
	month                = jul,
	doi                  = {10.1109/TASL.2013.2250960},
}

@inproceedings{Ono:2010:LVAICA,
	author               = {Ono, Nobutaka and Miyabe, Shigeki},
	title                = {Auxiliary-Function-Based Independent Component Analysis for Super-{Gaussian} Sources},
	pages                = {165--172},
	booktitle            = LVAICA,
	year                 = {2010},
	doi                  = {10.1007/978-3-642-15995-4_21},
	url                  = {https://doi.org/10.1007/978-3-642-15995-4_21},
}
